@mvbook{siv,
	author = {Сивухин Дмитрий Васильевич},
	title = {Общий курс физики. Т. IV. Оптика.},
	date = {2005},
}
@mvbook{lb,
	author = {Ландсберг Г. С.},
	title = {Оптика.},
	date = {2003},
}
